@book{TrafficAnalysisZone,
	author = {Miller, H. J. and Shaw, S.},
	title = {{Geographic Information Systems for Transportation}},
	publisher = {Oxford University Press},
	year = {2001}
}

@inproceedings{Shi2014,
  author={Shi, Q. and Zheng, X.},
  title={{Electric Vehicle Charging Stations Optimal Location Based on Fuzzy C-Means Clustering}},
  booktitle={Mechatronics Engineering, Computing and Information Technology},
  pages={3972--3975},
  year={2014},
}

@article{Dong2016,
	author = {Dong, X. and Mu, Y. and Jia, H. and Wu, J. and Yu, X.},
	title = {{Planning of Fast EV Charging Stations on a Round Freeway}},
	journal = {IEEE Transactions on Sustainable Energy},
	volume = {7},
	number = {4},
	pages = {1452--1461},
	year = {2016}
}

@article{Li2017,
	author = {Li, X. and Chen, P. and Wang, X.},
	title = {{Impacts of Renewables and Socioeconomic Factors on Electric Vehicle Demands – Panel Data Studies Across 14 Countries}},
	journal = {Energy Policy},
	volume = {109},
	pages = {473--478},
	year = {2017}
}

@misc{SelfDriving,
	author = {Mccauley, R.},
	title = {{Why Autonomous and Electric Vehicles are Inextricably Linked}},
	howpublished = {http://www.govtech.com/fs/why-autonomous-and-electric-vehicles-are-inextricably-linked.html},
	year = {2017}
}

@article{Nikitas2017,
	author = {Nikitas, A. and Kougias, I. and Alyavina, E. and Njoya Tchouamou, E.},
	title = {{How Can Autonomous and Connected Vehicles, Electromobility, BRT, Hyperloop, Shared Use Mobility and Mobility-As-A-Service Shape Transport Futures for the Context of Smart Cities?}},
	journal = {Urban Science},
	volume = {1},
	number = {4},
	year = {2017}
}

@misc{SharedEV,
	title = {{The Electric Sharing Revolution}},
	howpublished = {https://fastned.nl/en/blog/post/the-electric-sharing-revolution},
	year = {2017}
}

@misc{FlyingCar,
	author = {Korosec, K.},
	title = {{Startup ChargePoint Will Provide the Juice for Uber's Electric Flying Cars}},
	howpublished = {http://fortune.com/2017/04/25/uber-flying-cars-chargepoint/},
	year = {2017}
}

@misc{ChinaBan,
	author = {Pham, S.},
	title = {{China Wants to Ban Gas and Diesel Cars}},
	howpublished = {http://money.cnn.com/2017/09/11/news/china-gas-electric-car-ban/index.html},
	year = {2017}
}

@misc{DestinationCharging,
	title = {{Destination Charging | Tesla}},
	howpublished = {https://www.tesla.com/destination-charging},
}

@misc{Supercharging,
	title = {{Supercharger | Tesla}},
	howpublished = {https://www.tesla.com/supercharger},
}

@article{Xi2013,
	author = {Xi, X. and Sioshansi, R. and Marano, V.},
	title = {{Simulation–Optimization Model for Location of a Public Electric Vehicle Charging Infrastructure}},
	journal = {Transportation Research Part D: Transport and Environment},
	volume = {22},
	pages = {60--69},
	year = {2013}
}

@article{Kim2012,
	author = {Kim, Jong-Geun and Kuby, M.},
	title = {{The deviation-Flow Refueling Location Model for Optimizing a Network of Refueling Stations}},
	journal = {International Journal of Hydrogen Energy},
	volume = {37},
	number = {6},
	pages = {5406--5420},
	year = {2012}
}

@article{Wu2017,
	author = {Wu, F. and Sioshansi, R.},
	title = {{A Stochastic Flow-Capturing Model to Optimize the Location of Fast-Charging Stations with Uncertain Electric Vehicle Flows}},
	journal = {Transportation Research Part D: Transport and Environment},
	volume = {53},
	pages = {354--376},
	year = {2017}
}
